@book{adams1995hitchhiker,
  title={The Hitchhiker's Guide to the Galaxy},
  author={Adams, D.},
  isbn={9781417642595},
  url={http://books.google.com/books?id=W-xMPgAACAAJ},
  year={1995},
  publisher={San Val}
}

@article{HKPV98,
  author = 	 {Henzinger, T. A. and
Kopke, P. W. and
Puri, A. and
Varaiya, P.},
  title = 	 {What's Decidable about Hybrid Automata?},
  journal = 	 {Journal of Comp. and Sys. Sciences},
  year = 	 {1998},
  OPTkey = 	 {},
  volume = 	 {57},
  OPTnumber = 	 {},
  pages = 	 {94--124},
  OPTmonth = 	 {},
  OPTnote = 	 {},
  OPTannote = 	 {}
}

@inproceedings{ACH92,
  author    = {Alur, R. and
                Courcoubetis, C. and
               Henzinger, T. A. and
               Ho, P.-S.},
  title     = {Hybrid Automata: An Algorithmic Approach to the Specification
               and Verification of Hybrid Systems},
  booktitle = {Hybrid Systems},
  year      = {1992},
  pages     = {209-229}
  }

@inproceedings{SEN07,
 author = {Sen, Koushik},
 title = {Concolic Testing},
 booktitle = {Proceedings of the Twenty-second IEEE/ACM International Conference on Automated Software Engineering},
 series = {ASE '07},
 year = {2007},
 isbn = {978-1-59593-882-4},
 location = {Atlanta, Georgia, USA},
 pages = {571--572},
 numpages = {2},
 url = {http://doi.acm.org/10.1145/1321631.1321746},
 doi = {10.1145/1321631.1321746},
 acmid = {1321746},
 publisher = {ACM},
 address = {New York, NY, USA},
 keywords = {concolic testing, data structure testing, explicit path model-checking, random testing, symbolic execution, testing C programs, testing tools, unit testing},
} 

